5170B62203211000040811      Solucions Globals Maresme S.L.									21000071																			
5370B62203211000040811      Solucions Globals Maresme S.L.          21000071100200404206        06                                                                
5670B62203211000                                                    0000000000                SGM S.L. Factura :                      040811  
5870B62203211000                                                                        0000000000      1         3                                               
5970B62203211000                                                                        0000000000      1         5                                               
